@ARTICLE{RegionSeeker,  author={G. {Zacharopoulos} and L. {Ferretti} and E. {Giaquinta} and G. {Ansaloni} and L. {Pozzi}},  journal={IEEE Transactions on Computer-Aided Design of Integrated Circuits and Systems},   title={RegionSeeker: Automatically Identifying and Selecting Accelerators From Application Source Code},   year={2019},  volume={38},  number={4},  pages={741-754},}
